%% This BibTeX bibliography file was created using BibDesk.
%% http://bibdesk.sourceforge.net/

%% Created for Shaleen Deep at 2016-10-17 11:21:36 -0500 


%% Saved with string encoding Unicode (UTF-8) 

@misc{scs,
	author       = {B. O'Donoghue and E. Chu and N. Parikh and S. Boyd},
	title        = {{SCS}: Splitting Conic Solver, version 1.2.6},
	howpublished = {\url{https://github.com/cvxgrp/scs}},
	month        = apr,
	year         = 2016
}

@article{blakeley1989updating,
  title={Updating derived relations: Detecting irrelevant and autonomously computable updates},
  author={Blakeley, Jos{\'e} A and Coburn, Neil and Larson, Per and others},
  journal={ACM Transactions on Database Systems (TODS)},
  volume={14},
  number={3},
  pages={369--400},
  year={1989},
  publisher={ACM}
}

@inproceedings{staudt1996incremental,
	title={Incremental maintenance of externally materialized views},
	author={Staudt, Martin and Jarke, Matthias},
	booktitle={VLDB},
	volume={96},
	pages={3--6},
	year={1996}
}

@article{zhuge1995view,
	title={View maintenance in a warehousing environment},
	author={Zhuge, Yue and Garcia-Molina, Hector and Hammer, Joachim and Widom, Jennifer},
	journal={ACM SIGMOD Record},
	volume={24},
	number={2},
	pages={316--327},
	year={1995},
	publisher={ACM}
}

@inproceedings{ross1996materialized,
	title={Materialized view maintenance and integrity constraint checking: Trading space for time},
	author={Ross, Kenneth A and Srivastava, Divesh and Sudarshan, S},
	booktitle={ACM SIGMOD Record},
	volume={25},
	pages={447--458},
	year={1996},
	organization={ACM}
}

@article{buneman1979efficiently,
	title={Efficiently monitoring relational databases},
	author={Buneman, O Peter and Clemons, Eric K},
	journal={ACM Transactions on Database Systems (TODS)},
	volume={4},
	number={3},
	pages={368--382},
	year={1979},
	publisher={ACM}
}

@inproceedings{chaudhuri1995optimizing,
	title={Optimizing queries with materialized views},
	author={Chaudhuri, Surajit and Krishnamurthy, Ravi and Potamianos, Spyros and Shim, Kyuseok},
	booktitle={Data Engineering, 1995. Proceedings of the Eleventh International Conference on},
	pages={190--200},
	year={1995},
	organization={IEEE}
}

@inproceedings{kawaguchi1997implementing,
	title={Implementing incremental view maintenance in nested data models},
	author={Kawaguchi, Akira and Lieuwen, Daniel and Mumick, Inderpal and Ross, Kenneth},
	booktitle={International Workshop on Database Programming Languages},
	pages={202--221},
	year={1997},
	organization={Springer}
}

@article{ahmad2012dbtoaster,
	title={Dbtoaster: Higher-order delta processing for dynamic, frequently fresh views},
	author={Ahmad, Yanif and Kennedy, Oliver and Koch, Christoph and Nikolic, Milos},
	journal={Proceedings of the VLDB Endowment},
	volume={5},
	number={10},
	pages={968--979},
	year={2012},
	publisher={VLDB Endowment}
}

@article{gupta1993maintaining,
  title={Maintaining views incrementally},
  author={Gupta, Ashish and Mumick, Inderpal Singh and Subrahmanian, Venkatramanan Siva},
  journal={ACM SIGMOD Record},
  volume={22},
  number={2},
  pages={157--166},
  year={1993},
  publisher={ACM}
}

@article{cvxpy,
  author  = {Steven Diamond and Stephen Boyd},
  title   = {{CVXPY}: A {P}ython-Embedded Modeling Language for Convex Optimization},
  journal = {Journal of Machine Learning Research},
  year    = {2016},
  volume  = {17},
  number  = {83},
  pages   = {1--5},
}

@inproceedings{muschalle2012pricing,
	Author = {Muschalle, Alexander and Stahl, Florian and L{\"o}ser, Alexander and Vossen, Gottfried},
	Booktitle = {International Workshop on Business Intelligence for the Real-Time Enterprise},
	Date-Added = {2016-11-05 23:17:40 +0000},
	Date-Modified = {2016-11-05 23:17:40 +0000},
	Organization = {Springer},
	Pages = {129--144},
	Title = {Pricing approaches for data markets},
	Year = {2012}}

@conference{Upadhyaya2016,
	Author = {Prasang Upadhyaya and Magdalena Balazinska and Dan Suciu},
	Booktitle = {PVLDB},
	Date-Added = {2016-10-17 16:19:36 +0000},
	Date-Modified = {2016-10-17 16:21:35 +0000},
	Title = {Price-Optimal Querying with Data APIs},
	Year = {2016}}

@article{deep2016design,
	Author = {Deep, Shaleen and Koutris, Paraschos},
	Date-Added = {2016-07-06 20:55:29 +0000},
	Date-Modified = {2016-07-06 20:55:29 +0000},
	Journal = {arXiv preprint arXiv:1606.09376},
	Title = {The Design of Arbitrage-Free Data Pricing Schemes},
	Year = {2016}}

@article{prob,
	Abstract = {Treasures abound from hidden facts found in imprecise data sets.},
	Author = {Nilesh N. Dalvi and Christopher R{\'{e}} and Dan Suciu},
	Bibsource = {dblp computer science bibliography, http://dblp.org},
	Biburl = {http://dblp.uni-trier.de/rec/bib/journals/cacm/DalviRS09},
	Date-Added = {2015-12-04 20:23:56 +0000},
	Date-Modified = {2015-12-04 20:24:03 +0000},
	Doi = {10.1145/1538788.1538810},
	Journal = {Commun. {ACM}},
	Number = {7},
	Pages = {86--94},
	Timestamp = {Thu, 02 Jul 2009 13:36:32 +0200},
	Title = {Probabilistic databases: diamonds in the dirt},
	Url = {http://doi.acm.org/10.1145/1538788.1538810},
	Volume = {52},
	Year = {2009},
	Bdsk-Url-1 = {http://doi.acm.org/10.1145/1538788.1538810},
	Bdsk-Url-2 = {http://dx.doi.org/10.1145/1538788.1538810}}

@article{entropy:approx,
	Author = {Tugkan Batu and Sanjoy Dasgupta and Ravi Kumar and Ronitt Rubinfeld},
	Bibsource = {dblp computer science bibliography, http://dblp.org},
	Biburl = {http://dblp.uni-trier.de/rec/bib/journals/siamcomp/BatuDKR05},
	Date-Added = {2015-12-04 19:52:15 +0000},
	Date-Modified = {2015-12-04 19:52:24 +0000},
	Doi = {10.1137/S0097539702403645},
	Journal = {{SIAM} J. Comput.},
	Number = {1},
	Pages = {132--150},
	Timestamp = {Mon, 12 Sep 2011 16:10:09 +0200},
	Title = {The Complexity of Approximating the Entropy},
	Url = {http://dx.doi.org/10.1137/S0097539702403645},
	Volume = {35},
	Year = {2005},
	Bdsk-Url-1 = {http://dx.doi.org/10.1137/S0097539702403645}}

@article{federal2014data,
	Author = {Federal Trade Commission and others},
	Date-Added = {2015-12-03 17:53:18 +0000},
	Date-Modified = {2016-06-29 08:14:30 +0000},
	Journal = {Policy Reports},
	Month = {May},
	Title = {Data brokers: A call for transparency and accountability},
	Volume = {Commission and Staff Reports},
	Year = {2014}}

@article{cukier2013rise,
	Author = {Cukier, Kenneth and Mayer-Schoenberger, Viktor},
	Date-Added = {2015-12-03 17:42:41 +0000},
	Date-Modified = {2015-12-03 17:42:41 +0000},
	Journal = {Foreign Aff.},
	Pages = {28},
	Publisher = {HeinOnline},
	Title = {Rise of Big Data: How it's Changing the Way We Think about the World, The},
	Volume = {92},
	Year = {2013}}

@inproceedings{MS09,
	Abstract = {We report on the design and implementation of the Privacy Integrated Queries (PINQ) platform for privacy-preserving data analysis. PINQ provides analysts with a programming interface to unscrubbed data through a SQL-like language. At the same time, the design of PINQ's analysis language and its careful implementation provide formal guarantees of differential privacy for any and all uses of the platform. PINQ's unconditional structural guarantees require no trust placed in the expertise or diligence of the analysts, substantially broadening the scope for design and deployment of privacy-preserving data analysis, especially by non-experts.},
	Author = {Frank McSherry},
	Bibsource = {dblp computer science bibliography, http://dblp.org},
	Biburl = {http://dblp.uni-trier.de/rec/bib/conf/sigmod/McSherry09},
	Booktitle = {{ACM} {SIGMOD} 2009},
	Crossref = {DBLP:conf/sigmod/2009},
	Date-Added = {2015-12-03 17:28:17 +0000},
	Date-Modified = {2015-12-04 17:57:34 +0000},
	Doi = {10.1145/1559845.1559850},
	Pages = {19--30},
	Timestamp = {Wed, 08 Jul 2009 19:24:14 +0200},
	Title = {Privacy integrated queries: an extensible platform for privacy-preserving data analysis},
	Url = {http://doi.acm.org/10.1145/1559845.1559850},
	Year = {2009},
	Bdsk-Url-1 = {http://doi.acm.org/10.1145/1559845.1559850},
	Bdsk-Url-2 = {http://dx.doi.org/10.1145/1559845.1559850}}

@proceedings{DBLP:conf/sigmod/2009,
	Bibsource = {dblp computer science bibliography, http://dblp.org},
	Biburl = {http://dblp.uni-trier.de/rec/bib/conf/sigmod/2009},
	Date-Added = {2015-12-03 17:28:17 +0000},
	Date-Modified = {2015-12-03 17:28:17 +0000},
	Editor = {Ugur {\c{C}}etintemel and Stanley B. Zdonik and Donald Kossmann and Nesime Tatbul},
	Isbn = {978-1-60558-551-2},
	Publisher = {{ACM}},
	Timestamp = {Wed, 08 Jul 2009 19:24:14 +0200},
	Title = {Proceedings of the {ACM} {SIGMOD} International Conference on Management of Data, {SIGMOD} 2009, Providence, Rhode Island, USA, June 29 - July 2, 2009},
	Year = {2009}}

@inproceedings{DworkMNS06,
	Abstract = {We continue a line of research initiated in [10,11]on privacy-preserving statistical databases. Consider a trusted server that holds a database of sensitive information. Given a query function f mapping databases to reals, the so-called true answer is the result of applying f to the database. To protect privacy, the true answer is perturbed by the addition of random noise generated according to a carefully chosen distribution, and this response, the true answer plus noise, is returned to the user. Previous work focused on the case of noisy sums, in which f = ?i g(xi), where xi denotes the ith row of the database and g maps database rows to [0,1]. We extend the study to general functions f, proving that privacy can be preserved by calibrating the standard deviation of the noise according to the sensitivity of the function f. Roughly speaking, this is the amount that any single argument to f can change its output. The new analysis shows that for several particular applications substantially less noise is needed than was previously understood to be the case.},
	Author = {Cynthia Dwork and Frank McSherry and Kobbi Nissim and Adam Smith},
	Bibsource = {dblp computer science bibliography, http://dblp.org},
	Biburl = {http://dblp.uni-trier.de/rec/bib/conf/tcc/DworkMNS06},
	Booktitle = {{TCC} 2006},
	Crossref = {DBLP:conf/tcc/2006},
	Date-Added = {2015-12-03 17:22:23 +0000},
	Date-Modified = {2015-12-04 18:52:56 +0000},
	Doi = {10.1007/11681878_14},
	Pages = {265--284},
	Timestamp = {Fri, 03 Mar 2006 13:44:28 +0100},
	Title = {Calibrating Noise to Sensitivity in Private Data Analysis},
	Url = {http://dx.doi.org/10.1007/11681878_14},
	Year = {2006},
	Bdsk-Url-1 = {http://dx.doi.org/10.1007/11681878_14}}

@proceedings{DBLP:conf/tcc/2006,
	Bibsource = {dblp computer science bibliography, http://dblp.org},
	Biburl = {http://dblp.uni-trier.de/rec/bib/conf/tcc/2006},
	Date-Added = {2015-12-03 17:22:23 +0000},
	Date-Modified = {2015-12-03 19:55:47 +0000},
	Editor = {Shai Halevi and Tal Rabin},
	Isbn = {3-540-32731-2},
	Publisher = {Springer},
	Timestamp = {Fri, 03 Mar 2006 13:44:28 +0100},
	Title = {Theory of Cryptography, Third Theory of Cryptography Conference, {TCC} 2006, New York, NY, USA, March 4-7, 2006, Proceedings},
	Volume = {3876},
	Year = {2006}}

@article{DBLP:journals/tods/LiLMS14,
	Author = {Chao Li and Daniel Yang Li and Gerome Miklau and Dan Suciu},
	Bibsource = {dblp computer science bibliography, http://dblp.org},
	Biburl = {http://dblp.uni-trier.de/rec/bib/journals/tods/LiLMS14},
	Date-Added = {2015-12-03 09:20:04 +0000},
	Date-Modified = {2015-12-03 09:20:04 +0000},
	Doi = {10.1145/2691190.2691191},
	Journal = {{ACM} Trans. Database Syst.},
	Number = {4},
	Pages = {34:1--34:28},
	Timestamp = {Mon, 20 Apr 2015 18:26:50 +0200},
	Title = {A Theory of Pricing Private Data},
	Url = {http://doi.acm.org/10.1145/2691190.2691191},
	Volume = {39},
	Year = {2014},
	Bdsk-Url-1 = {http://doi.acm.org/10.1145/2691190.2691191},
	Bdsk-Url-2 = {http://dx.doi.org/10.1145/2691190.2691191}}

@misc{success-rate,
	Author = {S. Boztas},
	Date-Modified = {2016-06-29 08:04:03 +0000},
	Howpublished = {Technical Report 6, Department of Mathematics, Royal Melbourne Institute of Technology},
	Title = {Entropies, Guessing and Cryptography},
	Year = {1999}}

@inproceedings{renyi,
	Author = {Renyi, A.},
	Booktitle = {Berkeley Symposium on Mathematics, Statistics and Probability},
	Citeulike-Article-Id = {3815257},
	Citeulike-Linkout-0 = {http://digitalassets.lib.berkeley.edu/math/ucb/text/math\_s4\_v1\_article-27.pdf},
	Date-Modified = {2015-12-04 17:59:49 +0000},
	Keywords = {entropy, information, mutual, renyi},
	Pages = {547--561},
	Posted-At = {2008-12-21 10:39:03},
	Priority = {0},
	Title = {{On measures of information and entropy}},
	Url = {http://digitalassets.lib.berkeley.edu/math/ucb/text/math\_s4\_v1\_article-27.pdf},
	Year = {1960},
	Bdsk-Url-1 = {http://digitalassets.lib.berkeley.edu/math/ucb/text/math%5C_s4%5C_v1%5C_article-27.pdf}}

@inproceedings{info-flow,
	Author = {Geoffrey Smith},
	Bibsource = {dblp computer science bibliography, http://dblp.org},
	Biburl = {http://dblp.uni-trier.de/rec/bib/conf/fossacs/Smith09},
	Booktitle = {{FOSSACS} 2009},
	Crossref = {DBLP:conf/fossacs/2009},
	Date-Added = {2015-12-02 08:01:42 +0000},
	Date-Modified = {2015-12-04 18:00:47 +0000},
	Doi = {10.1007/978-3-642-00596-1_21},
	Pages = {288--302},
	Timestamp = {Sun, 29 Mar 2009 17:15:19 +0200},
	Title = {On the Foundations of Quantitative Information Flow},
	Url = {http://dx.doi.org/10.1007/978-3-642-00596-1_21},
	Year = {2009},
	Bdsk-Url-1 = {http://dx.doi.org/10.1007/978-3-642-00596-1_21}}

@proceedings{DBLP:conf/fossacs/2009,
	Bibsource = {dblp computer science bibliography, http://dblp.org},
	Biburl = {http://dblp.uni-trier.de/rec/bib/conf/fossacs/2009},
	Date-Added = {2015-12-02 08:01:42 +0000},
	Date-Modified = {2015-12-04 18:52:27 +0000},
	Doi = {10.1007/978-3-642-00596-1},
	Editor = {Luca de Alfaro},
	Isbn = {978-3-642-00595-4},
	Publisher = {Springer},
	Series = {LNCS},
	Timestamp = {Sun, 29 Mar 2009 17:15:19 +0200},
	Title = {Foundations of Software Science and Computational Structures, 12th International Conference, {FOSSACS} 2009, Held as Part of the Joint European Conferences on Theory and Practice of Software, {ETAPS} 2009, York, UK, March 22-29, 2009. Proceedings},
	Url = {http://dx.doi.org/10.1007/978-3-642-00596-1},
	Year = {2009},
	Bdsk-Url-1 = {http://dx.doi.org/10.1007/978-3-642-00596-1}}

@article{tsallis:subadditive,
	Abstract = {The concept of information functions of type β (β > 0) is introduced and discussed. By means of these information functions the entropies of type β are defined. These entropies have a number of interesting algebraic and analytic properties similar to Shannon's entropy. The capacity of type β (β > 1) of a discrete constant channel is defined by means of the entropy of type β. Examples are given for the computation of the capacity of type β, from which the Shannon's capacity can be derived as the limiting case β = 1.},
	Author = {Zolt{\'a}n Dar{\'o}czy},
	Doi = {http://dx.doi.org/10.1016/S0019-9958(70)80040-7},
	Issn = {0019-9958},
	Journal = {Information and Control},
	Number = {1},
	Pages = {36 - 51},
	Title = {Generalized information functions},
	Url = {http://www.sciencedirect.com/science/article/pii/S0019995870800407},
	Volume = {16},
	Year = {1970},
	Bdsk-Url-1 = {http://www.sciencedirect.com/science/article/pii/S0019995870800407},
	Bdsk-Url-2 = {http://dx.doi.org/10.1016/S0019-9958(70)80040-7}}

@article{tsallis-entropy,
	Author = {Tsallis, Constantino},
	Doi = {10.1007/BF01016429},
	Issn = {0022-4715},
	Journal = {Journal of Statistical Physics},
	Keywords = {Generalized statistics; entropy; multifractals; statistical ensembles},
	Language = {English},
	Number = {1-2},
	Pages = {479-487},
	Publisher = {Kluwer Academic Publishers-Plenum Publishers},
	Title = {Possible generalization of Boltzmann-Gibbs statistics},
	Url = {http://dx.doi.org/10.1007/BF01016429},
	Volume = {52},
	Year = {1988},
	Bdsk-Url-1 = {http://dx.doi.org/10.1007/BF01016429}}

@inproceedings{guessing-entropy,
	Author = {Massey, J.L.},
	Booktitle = {Information Theory, 1994},
	Date-Modified = {2015-12-04 18:51:51 +0000},
	Doi = {10.1109/ISIT.1994.394764},
	Keywords = {discrete systems;entropy;random processes;discrete random;entropy;optimum strategy;successive guesses;upper bound;Calculus;Entropy;H infinity control;Probability distribution;Random variables;Upper bound},
	Month = {Jun},
	Pages = {204},
	Title = {Guessing and entropy},
	Year = {1994},
	Bdsk-Url-1 = {http://dx.doi.org/10.1109/ISIT.1994.394764}}

@inproceedings{kopf2007information,
	Author = {K{\"o}pf, Boris and Basin, David},
	Booktitle = {CCS},
	Date-Added = {2015-11-27 01:31:49 +0000},
	Date-Modified = {2015-12-04 17:55:15 +0000},
	Pages = {286--296},
	Publisher = {ACM},
	Title = {An information-theoretic model for adaptive side-channel attacks},
	Year = {2007}}

@inproceedings{Kopf:2010aa,
	Author = {K{\"o}pf, Boris and Rybalchenko, Andrey},
	Booktitle = {CSF, 2010},
	Date-Added = {2015-11-27 01:17:18 +0000},
	Date-Modified = {2015-12-04 18:01:44 +0000},
	Month = {July},
	Pages = {3-14},
	Publisher = {IEEE},
	Title = {Approximation and randomization for quantitative information-flow analysis},
	Year = {2010}}

@article{ghosh2013selling,
	Author = {Ghosh, Arpita and Roth, Aaron},
	Date-Added = {2015-11-23 01:31:00 +0000},
	Date-Modified = {2015-11-23 01:31:00 +0000},
	Journal = {Games and Economic Behavior},
	Publisher = {Elsevier},
	Title = {Selling privacy at auction},
	Year = {2013}}

@article{LK14,
	Author = {Bing{-}Rong Lin and Daniel Kifer},
	Bibsource = {dblp computer science bibliography, http://dblp.org},
	Biburl = {http://dblp.uni-trier.de/rec/bib/journals/pvldb/LinK14},
	Date-Added = {2015-10-29 21:26:10 +0000},
	Date-Modified = {2015-10-29 21:26:17 +0000},
	Journal = {{PVLDB}},
	Number = {9},
	Pages = {757--768},
	Timestamp = {Mon, 05 May 2014 09:20:44 +0200},
	Title = {On Arbitrage-free Pricing for General Data Queries},
	Url = {http://www.vldb.org/pvldb/vol7/p757-lin.pdf},
	Volume = {7},
	Year = {2014},
	Bdsk-Url-1 = {http://www.vldb.org/pvldb/vol7/p757-lin.pdf}}

@inproceedings{KUBHS13,
	Author = {Paraschos Koutris and Prasang Upadhyaya and Magdalena Balazinska and Bill Howe and Dan Suciu},
	Bibsource = {dblp computer science bibliography, http://dblp.org},
	Biburl = {http://dblp.uni-trier.de/rec/bib/conf/sigmod/KoutrisUBHS13},
	Booktitle = {{ACM}{SIGMOD} 2013},
	Crossref = {DBLP:conf/sigmod/2013},
	Date-Added = {2015-10-29 21:03:47 +0000},
	Date-Modified = {2015-12-04 17:56:08 +0000},
	Doi = {10.1145/2463676.2465335},
	Pages = {613--624},
	Timestamp = {Wed, 26 Jun 2013 09:37:17 +0200},
	Title = {Toward practical query pricing with QueryMarket},
	Url = {http://doi.acm.org/10.1145/2463676.2465335},
	Year = {2013},
	Bdsk-Url-1 = {http://doi.acm.org/10.1145/2463676.2465335},
	Bdsk-Url-2 = {http://dx.doi.org/10.1145/2463676.2465335}}

@proceedings{DBLP:conf/sigmod/2013,
	Bibsource = {dblp computer science bibliography, http://dblp.org},
	Biburl = {http://dblp.uni-trier.de/rec/bib/conf/sigmod/2013},
	Date-Added = {2015-10-29 21:03:47 +0000},
	Date-Modified = {2015-10-29 21:03:47 +0000},
	Editor = {Kenneth A. Ross and Divesh Srivastava and Dimitris Papadias},
	Isbn = {978-1-4503-2037-5},
	Publisher = {{ACM}},
	Timestamp = {Wed, 26 Jun 2013 08:41:29 +0200},
	Title = {Proceedings of the {ACM} {SIGMOD} International Conference on Management of Data, {SIGMOD} 2013, New York, NY, USA, June 22-27, 2013},
	Url = {http://dl.acm.org/citation.cfm?id=2463676},
	Year = {2013},
	Bdsk-Url-1 = {http://dl.acm.org/citation.cfm?id=2463676}}

@inproceedings{LM12,
	Author = {Li, C. and Miklau, G.},
	Booktitle = {WebDB},
	Title = {Pricing Aggregate Queries in a Data Marketplace},
	Year = {2012}}

@article{KUBHS12b,
	Author = {Paraschos Koutris and Prasang Upadhyaya and Magdalena Balazinska and Bill Howe and Dan Suciu},
	Bibsource = {DBLP, http://dblp.uni-trier.de},
	Date-Added = {2012-10-14 19:26:51 +0000},
	Date-Modified = {2012-10-14 19:27:35 +0000},
	Journal = {PVLDB},
	Number = {12},
	Pages = {1962-1965},
	Title = {QueryMarket Demonstration: Pricing for Online Data Markets},
	Volume = {5},
	Year = {2012},
	Bdsk-Url-1 = {http://vldb.org/pvldb/vol5/p1962_paraschoskoutris_vldb2012.pdf}}

@article{jain:02,
	Author = {Sanjay Jain and P. K. Kannan},
	Journal = {Management Science},
	Number = {9},
	Pages = {1123--1142},
	Title = {Pricing of Information Products on Online Servers: Issues, Models, and Analysis},
	Volume = {48},
	Year = 2002}

@article{balazinska:11b,
	Author = {Magdalena Balazinska and Bill Howe and Dan Suciu},
	Date-Modified = {2015-12-04 18:05:39 +0000},
	Journal = {PVLDB},
	Number = {12},
	Title = {Data Markets in the Cloud: An Opportunity for the Database Community},
	Volume = {4},
	Year = {2011}}

@article{stonebraker:96,
	Author = {{Stonebraker et al.}},
	Journal = vldbj,
	Number = {1},
	Pages = {048--063},
	Title = {Mariposa: a wide-area distributed database system},
	Volume = {5},
	Year = {1996}}

@inproceedings{dash:09,
	Author = {Dash, Debabrata and Kantere, Verena and Ailamaki, Anastasia},
	Booktitle = icde09,
	Numpages = {7},
	Pages = {1687--1693},
	Title = {An Economic Model for Self-Tuned Cloud Caching},
	Year = {2009}}

@inproceedings{KUBHS12,
	Author = {Paraschos Koutris and Prasang Upadhyaya and Magdalena Balazinska and Bill Howe and Dan Suciu},
	Bibsource = {DBLP, http://dblp.uni-trier.de},
	Booktitle = {PODS},
	Crossref = {DBLP:conf/pods/2012},
	Date-Added = {2012-10-11 19:26:07 +0000},
	Date-Modified = {2012-10-11 19:26:42 +0000},
	Pages = {167-178},
	Title = {Query-based data pricing},
	Year = {2012},
	Bdsk-Url-1 = {http://doi.acm.org/10.1145/2213556.2213582}}

@proceedings{DBLP:conf/pods/2012,
	Bibsource = {DBLP, http://dblp.uni-trier.de},
	Booktitle = {PODS},
	Date-Added = {2012-10-11 19:26:07 +0000},
	Date-Modified = {2012-10-11 19:26:07 +0000},
	Editor = {Michael Benedikt and Markus Kr{\"o}tzsch and Maurizio Lenzerini},
	Isbn = {978-1-4503-1248-6},
	Publisher = {ACM},
	Title = {Proceedings of the 31st ACM SIGMOD-SIGACT-SIGART Symposium on Principles of Database Systems, PODS 2012, Scottsdale, AZ, USA, May 20-24, 2012},
	Year = {2012},
	Bdsk-Url-1 = {http://dl.acm.org/citation.cfm?id=2213556}}

@book{AlgIntro,
	Author = {Thomas H. Cormen and Charles E. Leiserson and Ronald L. Rivest and Clifford Stein},
	Bibsource = {DBLP, http://dblp.uni-trier.de},
	Date-Added = {2011-11-28 22:38:52 -0800},
	Date-Modified = {2011-11-28 22:39:07 -0800},
	Isbn = {0-262-03293-7, 0-07-013151-1},
	Publisher = {The MIT Press and McGraw-Hill Book Company},
	Title = {Introduction to Algorithms, Second Edition},
	Year = {2001}}


@article{GS10,
	Author = {Georg Gottlob and Pierre Senellart},
	Bibsource = {DBLP, http://dblp.uni-trier.de},
	Date-Added = {2011-10-09 15:43:37 -0700},
	Date-Modified = {2011-10-09 15:43:50 -0700},
	Journal = {J. ACM},
	Number = {2},
	Title = {Schema mapping discovery from data instances},
	Volume = {57},
	Year = {2010},
	Bdsk-Url-1 = {http://doi.acm.org/10.1145/1667053.1667055}}

@inproceedings{AD98,
	Author = {Serge Abiteboul and Oliver M. Duschka},
	Bibsource = {DBLP, http://dblp.uni-trier.de},
	Booktitle = {PODS},
	Crossref = {DBLP:conf/pods/98},
	Date-Added = {2011-08-08 19:25:12 -0700},
	Date-Modified = {2011-08-08 19:25:21 -0700},
	Ee = {http://doi.acm.org/10.1145/275487.275516, db/conf/pods/AbiteboulD98.html},
	Pages = {254--263},
	Title = {Complexity of Answering Queries Using Materialized Views},
	Year = {1998}}

@inproceedings{CGLV02,
	Author = {Diego Calvanese and Giuseppe De Giacomo and Maurizio Lenzerini and Moshe Y. Vardi},
	Bibsource = {DBLP, http://dblp.uni-trier.de},
	Booktitle = {PODS},
	Crossref = {DBLP:conf/pods/2002},
	Date-Added = {2011-08-08 19:23:02 -0700},
	Date-Modified = {2011-08-08 19:23:13 -0700},
	Ee = {http://doi.acm.org/10.1145/543613.543646, http://www.acm.org/sigs/sigmod/pods/proc02/papers/247-CalvaneseDLV.pdf},
	Pages = {247--258},
	Title = {Lossless Regular Views},
	Year = {2002}}

@inproceedings{SV05,
	Author = {Luc Segoufin and Victor Vianu},
	Bibsource = {DBLP, http://dblp.uni-trier.de},
	Booktitle = {PODS},
	Crossref = {DBLP:conf/pods/2005},
	Ee = {http://doi.acm.org/10.1145/1065167.1065174},
	Pages = {49--60},
	Title = {Views and queries: determinacy and rewriting},
	Year = {2005}}

@inproceedings{NSV07,
	Author = {Alan Nash and Luc Segoufin and Victor Vianu},
	Bibsource = {DBLP, http://dblp.uni-trier.de},
	Booktitle = {ICDT},
	Date-Modified = {2011-11-29 03:59:01 -0800},
	Ee = {http://dx.doi.org/10.1007/11965893_5},
	Pages = {59--73},
	Title = {Determinacy and Rewriting of Conjunctive Queries Using Views: A Progress Report},
	Year = {2007}}

@inproceedings{Afr07,
	Author = {Foto N. Afrati},
	Bibsource = {DBLP, http://dblp.uni-trier.de},
	Booktitle = {MFCS},
	Date-Modified = {2011-11-29 03:59:40 -0800},
	Ee = {http://dx.doi.org/10.1007/978-3-540-74456-6_9},
	Pages = {78--89},
	Title = {Rewriting Conjunctive Queries Determined by Views},
	Year = {2007}}

@inproceedings{Marx07,
	Author = {Maarten Marx},
	Bibsource = {DBLP, http://dblp.uni-trier.de},
	Booktitle = {PODS},
	Crossref = {DBLP:conf/pods/2007},
	Ee = {http://doi.acm.org/10.1145/1265530.1265534},
	Pages = {23--30},
	Title = {Queries determined by views: pack your views},
	Year = {2007}}

@inproceedings{CGLV00,
	Author = {Diego Calvanese and Giuseppe De Giacomo and Maurizio Lenzerini and Moshe Y. Vardi},
	Bibsource = {DBLP, http://dblp.uni-trier.de},
	Booktitle = {ICDE},
	Date-Added = {2011-08-09 01:54:29 -0700},
	Date-Modified = {2011-08-09 01:54:40 -0700},
	Pages = {389--398},
	Title = {Answering Regular Path Queries Using Views},
	Year = {2000},
	Bdsk-Url-1 = {http://doi.ieeecomputersociety.org/10.1109/ICDE.2000.839439}}

@article{GT03,
	Author = {St{\'e}phane Grumbach and Leonardo Tininini},
	Bibsource = {DBLP, http://dblp.uni-trier.de},
	Date-Added = {2011-08-08 19:26:31 -0700},
	Date-Modified = {2011-08-08 19:26:38 -0700},
	Journal = {J. Comput. Syst. Sci.},
	Number = {1},
	Pages = {133--168},
	Title = {On the content of materialized aggregate views},
	Volume = {66},
	Year = {2003},
	Bdsk-Url-1 = {http://dx.doi.org/10.1016/S0022-0000(02)00033-8}}

@proceedings{DBLP:conf/pods/98,
	Bibsource = {DBLP, http://dblp.uni-trier.de},
	Date-Added = {2011-08-08 19:25:12 -0700},
	Date-Modified = {2011-08-08 19:25:12 -0700},
	Isbn = {0-89791-996-3},
	Publisher = {ACM Press},
	Title = {Proceedings of the Seventeenth ACM SIGACT-SIGMOD-SIGART Symposium on Principles of Database Systems, June 1-3, 1998, Seattle, Washington},
	Year = {1998}}

@proceedings{DBLP:conf/pods/2002,
	Bibsource = {DBLP, http://dblp.uni-trier.de},
	Date-Added = {2011-08-08 19:23:02 -0700},
	Date-Modified = {2011-08-08 19:23:02 -0700},
	Editor = {Lucian Popa},
	Publisher = {ACM},
	Title = {Proceedings of the Twenty-first ACM SIGACT-SIGMOD-SIGART Symposium on Principles of Database Systems, June 3-5, Madison, Wisconsin, USA},
	Year = {2002}}

@proceedings{DBLP:conf/pods/2005,
	Bibsource = {DBLP, http://dblp.uni-trier.de},
	Booktitle = {PODS},
	Editor = {Chen Li},
	Isbn = {1-59593-062-0},
	Publisher = {ACM},
	Title = {Proceedings of the Twenty-fourth ACM SIGACT-SIGMOD-SIGART Symposium on Principles of Database Systems, June 13-15, 2005, Baltimore, Maryland, USA},
	Year = {2005}}

@proceedings{DBLP:conf/icdt/2007,
	Bibsource = {DBLP, http://dblp.uni-trier.de},
	Booktitle = {ICDT},
	Editor = {Thomas Schwentick and Dan Suciu},
	Isbn = {3-540-69269-X},
	Publisher = {Springer},
	Series = {Lecture Notes in Computer Science},
	Title = {Database Theory - ICDT 2007, 11th International Conference, Barcelona, Spain, January 10-12, 2007, Proceedings},
	Volume = {4353},
	Year = {2007}}

@article{NSV10,
	Author = {Alan Nash and Luc Segoufin and Victor Vianu},
	Bibsource = {DBLP, http://dblp.uni-trier.de},
	Ee = {http://doi.acm.org/10.1145/1806907.1806913},
	Journal = {ACM Trans. Database Syst.},
	Number = {3},
	Title = {Views and queries: Determinacy and rewriting},
	Volume = {35},
	Year = {2010}}

@proceedings{DBLP:conf/mfcs/2007,
	Bibsource = {DBLP, http://dblp.uni-trier.de},
	Booktitle = {MFCS},
	Editor = {Ludek Kucera and Anton{\'\i}n Kucera},
	Isbn = {978-3-540-74455-9},
	Publisher = {Springer},
	Series = {Lecture Notes in Computer Science},
	Title = {Mathematical Foundations of Computer Science 2007, 32nd International Symposium, MFCS 2007, Cesk{\'y} Krumlov, Czech Republic, August 26-31, 2007, Proceedings},
	Volume = {4708},
	Year = {2007}}

@proceedings{DBLP:conf/pods/2007,
	Bibsource = {DBLP, http://dblp.uni-trier.de},
	Booktitle = {PODS},
	Editor = {Leonid Libkin},
	Isbn = {978-1-59593-685-1},
	Publisher = {ACM},
	Title = {Proceedings of the Twenty-Sixth ACM SIGACT-SIGMOD-SIGART Symposium on Principles of Database Systems, June 11-13, 2007, Beijing, China},
	Year = {2007}}

@misc{tpc,
    key = {TPCH},
    Howpublished = {\url{http://www.tpc.org/tpch}},
    title = {{TPC-H Benchmark}}
}


@misc{ssb,
    key = {SSB},
    Howpublished = {\url{http://www.cs.umb.edu/~poneil/StarSchemaB.PDF}},
    title = {{SSB Benchmark}}
}

@misc{dblp,
	key = {dblp},
	Howpublished = {\url{https://snap.stanford.edu/data/com-DBLP.html}},
	Title = {{DBLP dataset}}
}

@misc{carcrash,
	key = {USA Car crash},
	Howpublished = {\url{https://datamarket.azure.com/dataset/bigml/carcrashusa2011}},
	Title = {{USA Car crash 2011 dataset}}
}

@misc{azuredatamarket,
	Date-Modified = {2012-10-12 00:37:01 +0000},
	Howpublished = {\url{www.datamarket.azure.com}},
	Title = {{Windows Azure Marketplace}}
}

	
@misc{twitterapi,
	Note = {\url{gnip.com/insights/audience}},
	Title = {{Twitter GNIP Audience API}}	,
	Year = {2018}
}
	
@misc{lattice,
	Howpublished = {\url{lattice.io}},
	Title = {{Lattice Data Inc.}},
		Year = {2018}
}	
	
@misc{datafinder,
	Note = {\url{datafinder.com}},
	Title = {{DataFinder}},
		Year = {2018}
}





@misc{banjo,
		Title = {{Banjo}},
	Note = {\url{ban.jo}},
	Year = {2018}
}

@misc{salesforce,
	Note = {\url{https://www.salesforce.com/products/data/overview/}},
	Title = {{Salesforce}},
		Year = {2018}
}

@misc{bloomberg,
	Note = {\url{www.bloomberg.com/enterprise/content-data/market-data}},
	Title = {{Bloomberg Market Data}},
		Year = {2018}
}	

@misc{bdex,
	Note = {\url{www.bigdataexchange.com}},
	Title = {{Big Data Exchange}},
	Year = {2018}
}

@misc{qlik,
	Note = {\url{www.qlik.com/us/products/qlik-data-market}},
	Title = {{QLik Data Market}},
	Year = {2018}}

@misc{world,
	key = {world},
	Note = {\url{https://dev.mysql.com/doc/world-setup/en/}},
	Title = {{world dataset}}}	
	

@article{Shapiro:98,
	Author = {Shapiro, Carl and Varian, Hal R.},
	Journal = {Harvard Business Review},
	Month = {November-December},
	Pages = {106-114},
	Title = {{Versioning: The smart way to sell information}},
	Volume = {76},
	Year = {1998}}

@unpublished{peter-dan-2007,
	Author = {Peter Buneman and Dan Suciu},
	Month = {July},
	Note = {Manuscript},
	Title = {Censoring and Pricing Data},
	Year = 2007}

@inproceedings{DBLP:conf/pods/LevyMSS95,
	Author = {Alon Y. Levy and Alberto O. Mendelzon and Yehoshua Sagiv and Divesh Srivastava},
	Bibsource = {DBLP, http://dblp.uni-trier.de},
	Booktitle = {PODS},
	Ee = {http://doi.acm.org/10.1145/212433.220198, db/conf/pods/LevyMSS95.html},
	Pages = {95-104},
	Title = {Answering Queries Using Views},
	Year = {1995}}

@inproceedings{DBLP:conf/icdt/ZhangM05,
	Author = {Zheng Zhang and Alberto O. Mendelzon},
	Bibsource = {DBLP, http://dblp.uni-trier.de},
	Booktitle = {ICDT},
	Ee = {http://dx.doi.org/10.1007/978-3-540-30570-5_18},
	Pages = {259-273},
	Title = {Authorization Views and Conditional Query Containment},
	Year = {2005}}

@book{DBLP:books/sp/Libkin04,
	Author = {Leonid Libkin},
	Bibsource = {DBLP, http://dblp.uni-trier.de},
	Isbn = {3-540-21202-7},
	Publisher = {Springer},
	Title = {Elements of Finite Model Theory},
	Year = {2004}}

@article{DBLP:journals/cacm/Dwork11,
	Author = {Cynthia Dwork},
	Bibsource = {DBLP, http://dblp.uni-trier.de},
	Ee = {http://doi.acm.org/10.1145/1866739.1866758},
	Journal = {Commun. ACM},
	Number = {1},
	Pages = {86-95},
	Title = {A firm foundation for private data analysis},
	Volume = {54},
	Year = {2011}}

@book{secrets-and-lies-schneier-2000,
	Author = {Bruce Schneier},
	Publisher = {John Wiley \& Sons},
	Title = {Secrets \& Lies, Digital Security in a Networked World},
	Year = 2000}

@book{DBLP:books/aw/AbiteboulHV95,
	Author = {Serge Abiteboul and Richard Hull and Victor Vianu},
	Bibsource = {DBLP, http://dblp.uni-trier.de},
	Isbn = {0-201-53771-0},
	Publisher = {Addison-Wesley},
	Title = {Foundations of Databases},
	Year = {1995}}