
@inproceedings{guruswami2005profit,
  title={On profit-maximizing envy-free pricing},
  author={Guruswami, Venkatesan and Hartline, Jason D and Karlin, Anna R and Kempe, David and Kenyon, Claire and McSherry, Frank},
  booktitle={Proceedings of the sixteenth annual ACM-SIAM symposium on Discrete algorithms},
  pages={1164--1173},
  year={2005},
  organization={Society for Industrial and Applied Mathematics}
}

@inproceedings{deep2017qirana,
	title={{QIRANA}: A Framework for Scalable Query Pricing},
	author={Deep, Shaleen and Koutris, Paraschos},
	booktitle={Proceedings of the 2017 ACM International Conference on Management of Data},
	pages={699--713},
	year={2017},
	organization={ACM}
}

@inproceedings{balcan2006approximation,
	title={Approximation algorithms and online mechanisms for item pricing},
	author={Balcan, Maria-Florina and Blum, Avrim},
	booktitle={Proceedings of the 7th ACM Conference on Electronic Commerce},
	pages={29--35},
	year={2006},
	organization={ACM}
}

@article{myerson1981optimal,
  title={Optimal auction design},
  author={Myerson, Roger B},
  journal={Mathematics of operations research},
  volume={6},
  number={1},
  pages={58--73},
  year={1981},
  publisher={INFORMS}
}

@inproceedings{babaioff2014simple,
  title={A simple and approximately optimal mechanism for an additive buyer},
  author={Babaioff, Moshe and Immorlica, Nicole and Lucier, Brendan and Weinberg, S Matthew},
  booktitle={Foundations of Computer Science (FOCS), 2014 IEEE 55th Annual Symposium on},
  pages={21--30},
  year={2014},
  organization={IEEE}
}

@inproceedings{cai2016duality,
  title={A duality based unified approach to bayesian mechanism design},
  author={Cai, Yang and Devanur, Nikhil R and Weinberg, S Matthew},
  booktitle={Proceedings of the forty-eighth annual ACM symposium on Theory of Computing},
  pages={926--939},
  year={2016},
  organization={ACM}
}

@inproceedings{chawla2007algorithmic,
  title={Algorithmic pricing via virtual valuations},
  author={Chawla, Shuchi and Hartline, Jason D and Kleinberg, Robert},
  booktitle={Proceedings of the 8th ACM conference on Electronic commerce},
  pages={243--251},
  year={2007},
  organization={ACM}
}

@inproceedings{chawla2010multi,
  title={Multi-parameter mechanism design and sequential posted pricing},
  author={Chawla, Shuchi and Hartline, Jason D and Malec, David L and Sivan, Balasubramanian},
  booktitle={Proceedings of the forty-second ACM symposium on Theory of computing},
  pages={311--320},
  year={2010},
  organization={ACM}
}

@article{chawla2015power,
  title={The power of randomness in bayesian optimal mechanism design},
  author={Chawla, Shuchi and Malec, David and Sivan, Balasubramanian},
  journal={Games and Economic Behavior},
  volume={91},
  pages={297--317},
  year={2015},
  publisher={Elsevier}
}

@inproceedings{chawla2016mechanism,
  title={Mechanism design for subadditive agents via an ex ante relaxation},
  author={Chawla, Shuchi and Miller, J Benjamin},
  booktitle={Proceedings of the 2016 ACM Conference on Economics and Computation},
  pages={579--596},
  year={2016},
  organization={ACM}
}

@inproceedings{rubinstein2015simple,
  title={Simple mechanisms for a subadditive buyer and applications to revenue monotonicity},
  author={Rubinstein, Aviad and Weinberg, S Matthew},
  booktitle={Proceedings of the Sixteenth ACM Conference on Economics and Computation},
  pages={377--394},
  year={2015},
  organization={ACM}
}


@inproceedings{caizhao2017duality,
  title={Simple mechanisms for subadditive buyers via duality},
  author={Cai, Yang and Zhao, Mingfei},
  booktitle={Proceedings of the 49th Annual
ACM SIGACT Symposium on Teory of Computing (STOC 2017)},
  pages={170--183},
  year={2017},
  organization={ACM}
}

@inproceedings{briest2006single,
  title={Single-minded unlimited supply pricing on sparse instances},
  author={Briest, Patrick and Krysta, Piotr},
  booktitle={Proceedings of the seventeenth annual ACM-SIAM symposium on Discrete algorithm},
  pages={1093--1102},
  year={2006},
  organization={Society for Industrial and Applied Mathematics}
}

@inproceedings{cheung2008approximation,
  title={Approximation algorithms for single-minded envy-free profit-maximization problems with limited supply},
  author={Cheung, Maurice and Swamy, Chaitanya},
  booktitle={Foundations of Computer Science, 2008. FOCS'08. IEEE 49th Annual IEEE Symposium on},
  pages={35--44},
  year={2008},
  organization={IEEE}
}

@inproceedings{balcan2006approximation,
  title={Approximation algorithms and online mechanisms for item pricing},
  author={Balcan, Maria-Florina and Blum, Avrim},
  booktitle={Proceedings of the 7th ACM Conference on Electronic Commerce},
  pages={29--35},
  year={2006},
  organization={ACM}
}

@inproceedings{chalermsook2013independent,
  title={Independent set, induced matching, and pricing: Connections and tight (subexponential time) approximation hardnesses},
  author={Chalermsook, Parinya and Laekhanukit, Bundit and Nanongkai, Danupon},
  booktitle={Foundations of Computer Science (FOCS), 2013 IEEE 54th Annual Symposium on},
  pages={370--379},
  year={2013},
  organization={IEEE}
}
